@article{garnettosborne,
  author = {Roman Garnett and Michael A. Osborne and Steven Reece and Alex Rogers and Stephen J. Roberts},
  year = {2010},
  journal = {The Computer Journal},
  title = {{Sequential Bayesian Prediction in the Presence of Changepoints and Faults}},
  volume = {53},
  issue = {9},
  note = {Section A -- Special Focus on: Decentralized Data and Information Systems: Theory and Practice}
}

@book{gpml,
  author = {Carl Edward Rasmussen and Christopher K. I. Williams},
  title = {{Gaussian Processes for Machine Learning}},
  series = {Adaptive Computation and Machine Learning},
  year = {2006},
  publisher = {The {\scshape mit} Press},
  address = {Cambridge, {\scshape ma}, {\scshape usa}}
}

@book{wagner2006guidelines,
  title={{Guidelines and standard procedures for continuous water-quality monitors: Station operation, record computation, and data reporting}},
  author={Wagner, R.J. and {{\scshape US} Geological Survey}},
  year={2006},
  publisher={{\scshape US} Dept. of the Interior, {\scshape US}  Geological Survey}
}

@PhdThesis{osbornebayesian,
  title={{Bayesian Gaussian Processes for Sequential Prediction, Optimisation and Quadrature}},
  author={Osborne, M.},
school = {University of Oxford},
year ={2010},
note = {Available at \url{www.robots.ox.ac.uk/~mosb/full_thesis.pdf}}
}

@book{NumericalRecipes,
 author = {William H. Press and Saul A. Teukolsky and William T. Vetterling and Brian P. Flannery},
 title = {Numerical Recipes in C: The Art of Scientific Computing},
 year = {1992},
 isbn = {0521437148},
 publisher = {Cambridge University Press},
 address = {New York, {\scshape NY} , {\scshape USA} }
 }

@article{Isermann1984,
title = {Process fault detection based on modeling and estimation
methods--A survey},
journal = {Automatica},
volume = {20},
number = {4},
pages = {387 - 404},
year = {1984},
author = {Rolf Isermann}
}

@article{Isermann2005,
title = {Model-based fault-detection and diagnosis - status and applications},
journal = {Annual Reviews in Control},
volume = {29},
number = {1},
pages = {71 - 85},
year = {2005},
author = {Rolf Isermann}
}

@ARTICLE{deFreitas1996,
   author = {Nando de Freitas and Ian M. MacLeod and Jonathan S. Maltz},
   title = {Neural networks for pneumatic actuator fault detection},
   journal = {Transactions of the South African Institute of
Electrical Engineers},
   year = {1996},
   volume = {90},
   pages = {28--34}
}


@book{Ding2008,
 author = {Ding, Steven X.},
 title = {Model-based Fault Diagnosis Techniques: Design Schemes,
Algorithms, and Tools},
 year = {2008},
 edition = {1st},
 publisher = {Springer}
}


@article{Markou2003,
title = {Novelty detection: a review--part 1: statistical approaches},
journal = {Signal Processing},
volume = {83},
number = {12},
pages = {2481 - 2497},
year = {2003},
author = {Markos Markou and Sameer Singh}
}

@article{Chandola:2009,
 author = {Chandola, Varun and Banerjee, Arindam and Kumar, Vipin},
 title = {Anomaly detection: A survey},
 journal = {{\scshape ACM}  Comput. Surv.},
 volume = {41},
 issue = {3},
 month = {July},
 year = {2009},
 pages = {15:1--15:58},
}


@incollection {Khan2010,
  author = {Khan, Shehroz and Madden, Michael},
  affiliation = {College of Engineering and Informatics, National
University of Ireland, Galway, Ireland},
  title = {A Survey of Recent Trends in One Class Classification},
  booktitle = {Artificial Intelligence and Cognitive Science},
  series = {Lecture Notes in Computer Science},
  editor = {Coyle, Lorcan and Freyne, Jill},
  publisher = {Springer Berlin / Heidelberg},
  pages = {188-197},
  volume = {6206},
  year = {2010}
}
